@inproceedings{wilson2014improving,
  title={Improving collaborative filtering based recommenders using topic modelling},
  author={Wilson, Jobin and Chaudhury, Santanu and Lall, Brejesh},
  booktitle={Proceedings of the 2014 IEEE/WIC/ACM International Joint Conferences on Web Intelligence (WI) and Intelligent Agent Technologies (IAT)-Volume 01},
  pages={340--346},
  year={2014},
  organization={IEEE Computer Society}
}


@article{blei2003latent,
  title={Latent dirichlet allocation},
  author={Blei, David M and Ng, Andrew Y and Jordan, Michael I},
  journal={Journal of machine Learning research},
  volume={3},
  number={Jan},
  pages={993--1022},
  year={2003}
}


@inproceedings{she2014tomoha,
  title={Tomoha: Topic model-based hashtag recommendation on twitter},
  author={She, Jieying and Chen, Lei},
  booktitle={Proceedings of the 23rd International Conference on World Wide Web},
  pages={371--372},
  year={2014},
  organization={ACM}
}


@misc{kaggle,
  title = {Sentiment140 Dataset with 1.6 Million Tweets},
  howpublished = {\url{https://www.kaggle.com/kazanova/sentiment140}},
  note = {Accessed: 2018-12-01}
}
